% Sample references 

@BOOK{Flynn:05,
  title		= {Formatting information. A beginner's introduction to typesetting with \LaTeX{}},
  author	= {Peter Flynn},
  year		= 2005,
  note		= {\\http://www.ctan.org/tex-archive/info/beginlatex/beginlatex-3.6.pdf},
  edition	= {3rd}
}
@BOOK{Kopka:99,
  title		= {A Guide to \LaTeXe{}},
  author	= { Helmut Kopka, Patrik W. Daly},
  publisher	= {Addison-Wesley Professional},
  year		= 2003,
  edition	= {4th}  
}
@BOOK{Goossens:93,
  title		= {The \LaTeXe{} Companion},
  author	= {Frank Mittelbach and Michel Goossens with Johannes Braams and David Carlisle and Chris Rowley},
  publisher	= {Addison-Wesley Professional},
  year		= 2004,
  edition	= {2nd}
}
@BOOK{Abrahams:92,
  title		= {\TeX{} for the Impatient},
  author	= {Paul W. Abrahams with Karl Berry and Kathryn A. Hargreaves},
  publisher	= {Addison-Wesley Professional},
  year		= 2003,
  note		= {http://www.tug.org/ftp/tex/impatient/book.pdf}
}
@BOOK{Oetiker:04,
  title		= {The Not So Short Introduction to \LaTeXe{}},
  author	= {Tobias Oetiker and Hubert Partl and Irene Hyna and Elisabeth Schlegl},
  year		= 2004,
  note		= {http://www.ctan.org/tex-archive/info/lshort/english/lshort.pdf},
  edition	= {4.14th}
}



